<?xml version="1.0" encoding="UTF-8"?><collection xmlns="http://www.loc.gov/MARC21/slim"><record><leader>00502nam--2200181-i-4500</leader><controlfield tag="001">000012669</controlfield><controlfield tag="002">20161230</controlfield><controlfield tag="005">20161230201029</controlfield><controlfield tag="008">060222s1000------------r-----000-0-eng-d</controlfield><datafield ind1=" " ind2=" " tag="040"><subfield code="a">IFIN-HH</subfield></datafield><datafield ind1=" " ind2=" " tag="080"><subfield code="a">539.14</subfield></datafield><datafield ind1="1" ind2=" " tag="100"><subfield code="a">Wildermuth, K</subfield></datafield><datafield ind1="1" ind2="0" tag="245"><subfield code="a">Clustering phenomena in nuclei</subfield><subfield code="b">Vol.1: a unified theory of the nucleus</subfield><subfield code="c">K. wildermuth, y.c. tang</subfield></datafield><datafield ind1=" " ind2=" " tag="260"><subfield code="a">Braunschweig</subfield><subfield code="b">Vieweg</subfield><subfield code="c">1977</subfield></datafield><datafield ind1=" " ind2=" " tag="300"><subfield code="a">X + 389 P</subfield></datafield><datafield ind1=" " ind2=" " tag="700"><subfield code="a">Tang, Y.C</subfield></datafield><datafield ind1=" " ind2=" " tag="852"><subfield code="a">43217</subfield><subfield code="c">539.14</subfield></datafield><datafield ind1=" " ind2=" " tag="CAT"><subfield code="a">Sys</subfield><subfield code="c">20120330</subfield><subfield code="h">140231</subfield></datafield></record></collection>